% From any wikipedia article, choose ``Cite this page'' from left menu.  Choose Bibtex.  
%
% Tip:  Bibtex does the upper/lower case itself.  I put {W} of Wikipedia in braces to force upper case.
%
 
 @misc{ code:blog,
 	author = "TK",
    title = "{R}uby 101: {O}bject {O}riented {P}rogramming",
    year = 2018,
    note = "\url{https://medium.com/the-renaissance-developer/ruby-101-object-oriented-programming-part-1-af734f87f481} [Online; accessed 08-April-2018]"
 }
 
 @misc{ code:beginners,
 	author = "Ruby For Beginneers",
    title = "{M}odules",
    year = 2018,
    note = "\url{http://ruby-for-beginners.rubymonstas.org/advanced/modules.html} [Online; accessed 08-April-2018]"
    }
    
  @misc{ code:github,
  	author = "pazdera",
    title = "{C}atpix",
    year = 2015,
    note = "\url{https://github.com/pazdera/catpix} [Online; accessed 09-April-2018]"
    }
 }